<?xml version="1.0" encoding="UTF-8"?><collection xmlns="http://www.loc.gov/MARC21/slim"><record><leader>00471nam--2200169-i-4500</leader><controlfield tag="001">000024718</controlfield><controlfield tag="002">20161230</controlfield><controlfield tag="005">20161230201035</controlfield><controlfield tag="008">060222s1000------------r-----000-0-eng-d</controlfield><datafield ind1=" " ind2=" " tag="040"><subfield code="a">IFIN-HH</subfield></datafield><datafield ind1=" " ind2=" " tag="080"><subfield code="a">532</subfield></datafield><datafield ind1="1" ind2=" " tag="100"><subfield code="a">Hauge, Eivind Hiis</subfield></datafield><datafield ind1="1" ind2="0" tag="245"><subfield code="a">Contributions to the statistical theory of the classical fluid</subfield><subfield code="c">Eivind hiis hauge</subfield></datafield><datafield ind1=" " ind2=" " tag="260"><subfield code="a">Trondheim, Norges Tekniske Hoiskole, 1965</subfield></datafield><datafield ind1=" " ind2=" " tag="300"><subfield code="a">150 P</subfield></datafield><datafield ind1=" " ind2=" " tag="852"><subfield code="a">78451</subfield><subfield code="c">532</subfield></datafield><datafield ind1=" " ind2=" " tag="CAT"><subfield code="a">Sys</subfield><subfield code="c">20100902</subfield><subfield code="h">144544</subfield></datafield></record></collection>